@inproceedings{mirajul2024edm,
    author = {Md Mirajul Islam and Xi Yang and \textbf{John Wesley Hostetter} and Adittya Soukarjya Saha and Min Chi},
    title = {A Generalized Apprenticeship Learning Framework for Modeling Heterogeneous Student Pedagogical Strategies},
    booktitle = {Proceedings of the 17th International Conference on Educational Data Mining},
    year = 2024
}

@article{abdelshiheed2024example,
    author ={Mark Abdelshiheed and Robert Moulder and \textbf{John Wesley Hostetter} and Tiffany Barnes and Min Chi},
    title ={Example, Nudge, or Practice? {A}ssessing Metacognitive Knowledge Transfer of Factual and Procedural Learners},
    journal ={User Modeling and User-Adapted Interaction},
    year ={2024} 
}

@inproceedings{hostetter2023xai,
author = {{\bf Hostetter, John Wesley} and Conati, Cristina and Yang, Xi and Abdelshiheed, Mark and Barnes, Tiffany and Chi, Min},
title = {{XAI} to {I}ncrease the {E}ffectiveness of an {I}ntelligent {P}edagogical {A}gent},
year = {2023},
publisher = {Association for Computing Machinery},
booktitle = {Proceedings of the 23rd ACM International Conference on Intelligent Virtual Agents},
location = {WÃ¼rzburg, Germany},
series = {IVA '23},
note={\bf(Best Paper Finalist) \textcolor{magenta}{\it Acceptance Rate of 28.0\%}}, 
}

@inproceedings{hostetter2023leveraging,
  title={Leveraging Fuzzy Logic Towards More Explainable Reinforcement Learning-Induced Pedagogical Policies on Intelligent Tutoring Systems},
  author={{\bf Hostetter, John Wesley} and Abdelshiheed, Mark and Barnes, Tiffany and Chi, Min},
  booktitle={2023 {IEEE} International Conference on Fuzzy Systems},
  year={2023},
  organization={IEEE}
}

@inproceedings{hostetter2023latent,
  title={Latent Space Encoding for Interpretable Fuzzy Logic Rules in Continuous and Noisy High-Dimensional Spaces},
  author={{\bf Hostetter, John Wesley} and Chi, Min},
  booktitle={2023 {IEEE} International Conference on Fuzzy Systems},
  year={2023},
  organization={IEEE}
}

%Abbreviated conference (AAMAS)
%Original: Proceedings of the 22nd International Conference on Autonomous Agents and Multiagent Systems
@inproceedings{hostetter2023self,
    title={A {S}elf-{O}rganizing {N}euro-{F}uzzy {Q}-{N}etwork: Systematic Design with Offline Hybrid Learning},
    author={{\bf Hostetter, John Wesley} and Abdelshiheed, Mark and Barnes, Tiffany and Chi, Min},
    booktitle={Proceedings of the 22nd International Conference on Autonomous Agents and Multiagent Systems (AAMAS)},
    year={2023},
    note={\textcolor{magenta}{\it Acceptance Rate of 23.3\%}}
}

% https://www.aied2023.org/best_paper_nominees.html
@inproceedings{abdelshiheed2023leveraging,
    title={Leveraging {D}eep {R}einforcement {L}earning for {M}etacognitive {I}nterventions across {I}ntelligent {T}utoring {S}ystems},
    author={Abdelshiheed, Mark and {\bf Hostetter, John Wesley} and Barnes, Tiffany and Chi, Min},
    booktitle={Proceedings of the 24th International Conference on Artificial Intelligence in Education},
    Organization={Springer International Publishing},
    year={2023},
    note={\bf(Best Paper Finalist) \textcolor{magenta}{\it Acceptance Rate of 21.11\%}}
    % note={\bf (Nominated for Best [\& Best Student] Paper)}, 
}

@inproceedings{abdelshiheed2023bridging,
    title={Bridging Declarative, Procedural, and Conditional Metacognitive Knowledge Gap Using Deep Reinforcement Learning},
    author={Abdelshiheed, Mark and {\bf Hostetter, John Wesley} and Barnes, Tiffany and Chi, Min},
    booktitle={Proceedings of the 45th annual conference of the cognitive science society},
    year={2023},
    note={\textcolor{magenta}{\it Acceptance Rate of 17.0\%}}
}

@inproceedings{abdelshiheed2022power,
 title={The Power of Nudging: Exploring Three Interventions for Metacognitive Skills Instruction across Intelligent Tutoring Systems},
author={Abdelshiheed, Mark and {\bf Hostetter, John Wesley} and Shabrina, Preya and Barnes, Tiffany and Chi, Min},
booktitle={Proceedings of the 44th annual conference of the cognitive science society},
volume={44},
year={2022},
note={\textcolor{magenta}{\it Acceptance Rate of 27.0\%}}
}

@inproceedings{abdelshiheed2022mixing, 
title={Mixing Backward-with Forward-Chaining for Metacognitive Skill Acquisition and Transfer}, 
author={Abdelshiheed, Mark and {\bf Hostetter, John Wesley} and Yang, Xi and Barnes, Tiffany and Chi, Min}, 
booktitle={International Conference on Artificial Intelligence in Education},
pages={546--552}, 
year={2022}, 
organization={Springer} 
}